% Encoding: UTF-8

@book{decio2003,
  title={C{\'a}lculo num{\'e}rico: caracter{\'\i}sticas matem{\'a}ticas e computacionais dos m{\'e}todos num{\'e}ricos},
  author={Sperandio, D{\'e}cio and Mendes, Jo{\~a}o Teixeira and e Silva, Luiz Henry Monken},
  year={2003},
  publisher={Prentice Hall}
}


@book{franco2006,
  title={C{\'a}lculo num{\'e}rico},
  author={Franco, Neide Bertoldi},
  year={2006},
  publisher={Pearson}
}


@book{ruggiero2000calculo,
  title={C{\'a}lculo num{\'e}rico: aspectos te{\'o}ricos e computacionais},
  author={Ruggiero, M{\'a}rcia A Gomes and Lopes, Vera L{\'u}cia da Rocha},
  year={2000},
  publisher={Pearson}
}


@book{quarteroni2010numerical,
  title={Numerical mathematics},
  author={Quarteroni, Alfio and Sacco, Riccardo and Saleri, Fausto},
  volume={37},
  year={2010},
  publisher={Springer Science \& Business Media}
}


@book{gene2013,
  title={Matrix Computations},
  author={Gene H. Golub, Charles F. Van Loan},
  year={2013},
  publisher={The Johns Hopkins University Press}
}


@book{callahan2010hessian,
  title={Advanced calculus: a geometric view},
  author={Callahan, James J},
  year={2010},
  publisher={Springer Science \& Business Media}
}


@article{umetani1989jacobian_matrix,
  title={Resolved motion rate control of space manipulators with generalized Jacobian matrix},
  author={Umetani, Yoji and Yoshida, Kazuya and others},
  journal={IEEE Transactions on robotics and automation},
  volume={5},
  number={3},
  pages={303--314},
  year={1989}
}
